

@article{Gaode,
  title={Gaode API},
  note={http://lbs.amap.com/dev/mapdata/mapv},
}


